% This file was created with JabRef 2.10b2.
% Encoding: UTF-8


@Article{barnes2009,
  Title                    = {Design of Sustainable Relief Housing in Ethiopia: An Implementation of Cradle to Cradle Design in Earthbag Construction},
  Author                   = {Barnes, Brooke AND Cao, Huantian AND Drab, Theodore},
  Journal                  = {American Journal of Environmental Sciences},
  Year                     = {2009},

  Owner                    = {malte},
  Timestamp                = {2016.08.03}
}


